<record><leader>00000cas a22000007a 4500</leader><controlfield tag="001">39267080</controlfield><controlfield tag="008">980610d185718uuncuwr ne      0    0eng d</controlfield><datafield ind1=" " ind2=" " tag="010"><subfield code="a">sn 97064647 </subfield></datafield><datafield ind1=" " ind2=" " tag="040"><subfield code="a">NVJ</subfield><subfield code="b">eng</subfield><subfield code="c">NVJ</subfield><subfield code="d">OCLCQ</subfield></datafield><datafield ind1=" " ind2=" " tag="042"><subfield code="a">msc</subfield></datafield><datafield ind1="0" ind2=" " tag="130"><subfield code="a">American sentinel (Elizabeth City, N.C.)</subfield></datafield><datafield ind1="1" ind2="4" tag="245"><subfield code="a">The American sentinel.</subfield></datafield><datafield ind1=" " ind2=" " tag="260"><subfield code="a">Elizabeth City, N.C. :</subfield><subfield code="b">Wm. E. Mann</subfield></datafield><datafield ind1=" " ind2=" " tag="300"><subfield code="a">v.</subfield></datafield><datafield ind1=" " ind2=" " tag="310"><subfield code="a">Weekly</subfield></datafield><datafield ind1="1" ind2=" " tag="362"><subfield code="a">Began in 1857.</subfield></datafield><datafield ind1=" " ind2=" " tag="588"><subfield code="a">Description based on: Vol. 3, no. 29 (Sept. 12, 1857).</subfield></datafield><datafield ind1=" " ind2=" " tag="752"><subfield code="a">United States</subfield><subfield code="b">North Carolina</subfield><subfield code="c">Pasquotank</subfield><subfield code="d">Elizabeth City.</subfield></datafield><datafield ind1="0" ind2="0" tag="780"><subfield code="t">North Carolina native sentinel</subfield><subfield code="w">(DLC)sn 91068095</subfield></datafield></record>